%% This BibTeX bibliography file was created using BibDesk.
%% http://bibdesk.sourceforge.net/


%% Created for Richard Wesley at 2015-07-06 14:55:36 -0700 


%% Saved with string encoding Unicode (UTF-8) 



@misc{ICU,
	Date-Added = {2015-07-06 20:28:51 +0000},
	Date-Modified = {2015-07-06 21:51:26 +0000},
	Howpublished = {\url{http://site.icu-project.org/}},
	Month = {July},
	Title = {International Components for Unicode},
	Year = {2015}}

@article{Rissanen:1978,
	Acmid = {2233262},
	Address = {Tarrytown, NY, USA},
	Author = {Rissanen, J.},
	Date-Added = {2015-07-06 20:28:16 +0000},
	Date-Modified = {2015-07-06 20:31:08 +0000},
	Doi = {10.1016/0005-1098(78)90005-5},
	Issn = {0005-1098},
	Issue_Date = {September, 1978},
	Journal = {Automatica},
	Keywords = {Modeling, identification, parameter estimation, statistics, stochastic systems},
	Month = sep,
	Number = {5},
	Numpages = {7},
	Pages = {465--471},
	Publisher = {Pergamon Press, Inc.},
	Title = {Paper: Modeling by Shortest Data Description},
	Url = {http://dx.doi.org/10.1016/0005-1098(78)90005-5},
	Volume = {14},
	Year = {1978},
	Bdsk-Url-1 = {http://dx.doi.org/10.1016/0005-1098(78)90005-5}}

@misc{Refine,
	Author = {D. Huynh and S. Mazzocchi},
	Date-Added = {2015-07-06 20:26:42 +0000},
	Date-Modified = {2015-07-06 21:50:23 +0000},
	Howpublished = {\url{http://code.google.com/p/google-refine/}},
	Month = {July},
	Title = {Google Refine},
	Year = {2015}}

@inproceedings{Morton:2012,
	Acmid = {2213961},
	Address = {New York, NY, USA},
	Author = {Morton, Kristi and Bunker, Ross and Mackinlay, Jock and Morton, Robert and Stolte, Chris},
	Booktitle = {Proceedings of the 2012 ACM SIGMOD International Conference on Management of Data},
	Doi = {10.1145/2213836.2213961},
	Isbn = {978-1-4503-1247-9},
	Keywords = {data integration, visualization},
	Location = {Scottsdale, Arizona, USA},
	Numpages = {10},
	Pages = {807--816},
	Publisher = {ACM},
	Series = {SIGMOD '12},
	Title = {Dynamic Workload Driven Data Integration in Tableau},
	Url = {http://doi.acm.org/10.1145/2213836.2213961},
	Year = {2012},
	Bdsk-Url-1 = {http://doi.acm.org/10.1145/2213836.2213961},
	Bdsk-Url-2 = {http://dx.doi.org/10.1145/2213836.2213961}}

@article{bowman:reasoning,
	Author = {Mic Bowman and Saumya K. Debray and Larry L. Peterson},
	Journal = {ACM Trans. Program. Lang. Syst.},
	Month = {November},
	Number = {5},
	Pages = {795-825},
	Title = {Reasoning About Naming Systems},
	Volume = {15},
	Year = {1993}}

@inproceedings{clark:pct,
	Author = {Malcolm Clark},
	Booktitle = {TeX90 Conference Proceedings},
	Month = {March},
	Organization = {TeX Users Group},
	Pages = {84-89},
	Title = {Post Congress Tristesse},
	Year = {1991}}

@article{herlihy:methodology,
	Author = {Maurice Herlihy},
	Journal = {ACM Trans. Program. Lang. Syst.},
	Month = {November},
	Number = {5},
	Pages = {745-770},
	Title = {A Methodology for Implementing Highly Concurrent Data Objects},
	Volume = {15},
	Year = {1993}}

@article{Stolte:2008,
	Acmid = {1400234},
	Address = {New York, NY, USA},
	Author = {Stolte, Chris and Tang, Diane and Hanrahan, Pat},
	Doi = {10.1145/1400214.1400234},
	Issn = {0001-0782},
	Issue_Date = {November 2008},
	Journal = {Commun. ACM},
	Month = nov,
	Number = {11},
	Numpages = {10},
	Pages = {75--84},
	Publisher = {ACM},
	Title = {Polaris: A System for Query, Analysis, and Visualization of Multidimensional Databases},
	Url = {http://doi.acm.org/10.1145/1400214.1400234},
	Volume = {51},
	Year = {2008},
	Bdsk-Url-1 = {http://doi.acm.org/10.1145/1400214.1400234},
	Bdsk-Url-2 = {http://dx.doi.org/10.1145/1400214.1400234}}

@inproceedings{Wesley:2011,
	Acmid = {1989449},
	Address = {New York, NY, USA},
	Author = {Wesley, Richard and Eldridge, Matthew and Terlecki, Pawel T.},
	Booktitle = {Proceedings of the 2011 ACM SIGMOD International Conference on Management of Data},
	Doi = {10.1145/1989323.1989449},
	Isbn = {978-1-4503-0661-4},
	Keywords = {TDE, column store, data visualization, query optimization, tableau data engine},
	Location = {Athens, Greece},
	Numpages = {10},
	Pages = {1185--1194},
	Publisher = {ACM},
	Series = {SIGMOD '11},
	Title = {An Analytic Data Engine for Visualization in Tableau},
	Url = {http://doi.acm.org/10.1145/1989323.1989449},
	Year = {2011},
	Bdsk-Url-1 = {http://doi.acm.org/10.1145/1989323.1989449},
	Bdsk-Url-2 = {http://dx.doi.org/10.1145/1989323.1989449}}

@inproceedings{Wesley:2014,
	Acmid = {2595639},
	Address = {New York, NY, USA},
	Author = {Wesley, Richard Michael Grantham and Terlecki, Pawel},
	Booktitle = {Proceedings of the 2014 ACM SIGMOD International Conference on Management of Data},
	Doi = {10.1145/2588555.2595639},
	Isbn = {978-1-4503-2376-5},
	Keywords = {column stores, compression, vizualization},
	Location = {Snowbird, Utah, USA},
	Numpages = {11},
	Pages = {563--573},
	Publisher = {ACM},
	Series = {SIGMOD '14},
	Title = {Leveraging Compression in the Tableau Data Engine},
	Url = {http://doi.acm.org/10.1145/2588555.2595639},
	Year = {2014},
	Bdsk-Url-1 = {http://doi.acm.org/10.1145/2588555.2595639},
	Bdsk-Url-2 = {http://dx.doi.org/10.1145/2588555.2595639}}

@inproceedings{Raman:2001,
	Acmid = {672045},
	Address = {San Francisco, CA, USA},
	Author = {Raman, Vijayshankar and Hellerstein, Joseph M.},
	Booktitle = {Proceedings of the 27th International Conference on Very Large Data Bases},
	Isbn = {1-55860-804-4},
	Numpages = {10},
	Pages = {381--390},
	Publisher = {Morgan Kaufmann Publishers Inc.},
	Series = {VLDB '01},
	Title = {Potter's Wheel: An Interactive Data Cleaning System},
	Url = {http://dl.acm.org/citation.cfm?id=645927.672045},
	Year = {2001},
	Bdsk-Url-1 = {http://dl.acm.org/citation.cfm?id=645927.672045}}

@inproceedings{Kandel:2011,
	Acmid = {1979444},
	Address = {New York, NY, USA},
	Author = {Kandel, Sean and Paepcke, Andreas and Hellerstein, Joseph and Heer, Jeffrey},
	Booktitle = {Proceedings of the SIGCHI Conference on Human Factors in Computing Systems},
	Doi = {10.1145/1978942.1979444},
	Isbn = {978-1-4503-0228-9},
	Keywords = {data analysis, data cleaning, transformation, visualization, wrangler},
	Location = {Vancouver, BC, Canada},
	Numpages = {10},
	Pages = {3363--3372},
	Publisher = {ACM},
	Series = {CHI '11},
	Title = {Wrangler: Interactive Visual Specification of Data Transformation Scripts},
	Url = {http://doi.acm.org/10.1145/1978942.1979444},
	Year = {2011},
	Bdsk-Url-1 = {http://doi.acm.org/10.1145/1978942.1979444},
	Bdsk-Url-2 = {http://dx.doi.org/10.1145/1978942.1979444}}

@article{Ahlberg:1996,
	Acmid = {245893},
	Address = {New York, NY, USA},
	Author = {Ahlberg, Christopher},
	Doi = {10.1145/245882.245893},
	Issn = {0163-5808},
	Issue_Date = {Dec. 1996},
	Journal = {SIGMOD Rec.},
	Month = dec,
	Number = {4},
	Numpages = {5},
	Pages = {25--29},
	Publisher = {ACM},
	Title = {Spotfire: An Information Exploration Environment},
	Url = {http://doi.acm.org/10.1145/245882.245893},
	Volume = {25},
	Year = {1996},
	Bdsk-Url-1 = {http://doi.acm.org/10.1145/245882.245893},
	Bdsk-Url-2 = {http://dx.doi.org/10.1145/245882.245893}}
